%YAML 1.1
%TAG !u! tag:unity3d.com,2011:
--- !u!1 &1406848484028435561
GameObject:
  m_ObjectHideFlags: 0
  m_CorrespondingSourceObject: {fileID: 0}
  m_PrefabInstance: {fileID: 0}
  m_PrefabAsset: {fileID: 0}
  serializedVersion: 6
  m_Component:
  - component: {fileID: 5579087561734838417}
  - component: {fileID: 1407294940829586754}
  - component: {fileID: 3697508204641243905}
  m_Layer: 0
  m_Name: StartRoom
  m_TagString: Untagged
  m_Icon: {fileID: 0}
  m_NavMeshLayer: 0
  m_StaticEditorFlags: 0
  m_IsActive: 1
--- !u!4 &5579087561734838417
Transform:
  m_ObjectHideFlags: 0
  m_CorrespondingSourceObject: {fileID: 0}
  m_PrefabInstance: {fileID: 0}
  m_PrefabAsset: {fileID: 0}
  m_GameObject: {fileID: 1406848484028435561}
  m_LocalRotation: {x: 0, y: 0, z: 0, w: 1}
  m_LocalPosition: {x: 0, y: 0, z: 0}
  m_LocalScale: {x: 1, y: 1, z: 1}
  m_Children:
  - {fileID: 945687616452823113}
  - {fileID: 2840717307481031149}
  - {fileID: 8623439378110457689}
  m_Father: {fileID: 0}
  m_RootOrder: 0
  m_LocalEulerAnglesHint: {x: 0, y: 0, z: 0}
--- !u!114 &1407294940829586754
MonoBehaviour:
  m_ObjectHideFlags: 0
  m_CorrespondingSourceObject: {fileID: 0}
  m_PrefabInstance: {fileID: 0}
  m_PrefabAsset: {fileID: 0}
  m_GameObject: {fileID: 1406848484028435561}
  m_Enabled: 1
  m_EditorHideFlags: 0
  m_Script: {fileID: 11500000, guid: 01ccc1363a170c24990b603c1bfa112f, type: 3}
  m_Name: 
  m_EditorClassIdentifier: 
  isSpecial: 1
  entitiesHolder: {fileID: 8623439378110457689}
  wallsHolder: {fileID: 945687616452823113}
  wallPrefab: {fileID: 8389242444001272287, guid: 4f55ec25d72ad4a45a28c6e33d688c15,
    type: 3}
  exitsHolder: {fileID: 2840717307481031149}
  exitPrefab: {fileID: 6305300640106574863, guid: 86d1c70426d60e747b5cd20cfe3bbae2,
    type: 3}
  roomSize: {x: 15, y: 10}
  exits: []
  minEnemies: 0
  maxEnemies: 0
  spawningArea: {x: 6, y: 4}
  possibleEnemies: []
  enemies: []
  pauseTime: 0.5
--- !u!61 &3697508204641243905
BoxCollider2D:
  m_ObjectHideFlags: 0
  m_CorrespondingSourceObject: {fileID: 0}
  m_PrefabInstance: {fileID: 0}
  m_PrefabAsset: {fileID: 0}
  m_GameObject: {fileID: 1406848484028435561}
  m_Enabled: 1
  m_Density: 1
  m_Material: {fileID: 0}
  m_IsTrigger: 1
  m_UsedByEffector: 0
  m_UsedByComposite: 0
  m_Offset: {x: 0, y: 0}
  m_SpriteTilingProperty:
    border: {x: 0, y: 0, z: 0, w: 0}
    pivot: {x: 0, y: 0}
    oldSize: {x: 0, y: 0}
    newSize: {x: 0, y: 0}
    adaptiveTilingThreshold: 0
    drawMode: 0
    adaptiveTiling: 0
  m_AutoTiling: 0
  serializedVersion: 2
  m_Size: {x: 15, y: 10}
  m_EdgeRadius: 0
--- !u!1 &1634017655115604495
GameObject:
  m_ObjectHideFlags: 0
  m_CorrespondingSourceObject: {fileID: 0}
  m_PrefabInstance: {fileID: 0}
  m_PrefabAsset: {fileID: 0}
  serializedVersion: 6
  m_Component:
  - component: {fileID: 8623439378110457689}
  m_Layer: 0
  m_Name: Entities
  m_TagString: Untagged
  m_Icon: {fileID: 0}
  m_NavMeshLayer: 0
  m_StaticEditorFlags: 0
  m_IsActive: 1
--- !u!4 &8623439378110457689
Transform:
  m_ObjectHideFlags: 0
  m_CorrespondingSourceObject: {fileID: 0}
  m_PrefabInstance: {fileID: 0}
  m_PrefabAsset: {fileID: 0}
  m_GameObject: {fileID: 1634017655115604495}
  m_LocalRotation: {x: 0, y: 0, z: 0, w: 1}
  m_LocalPosition: {x: 0, y: 0, z: 0}
  m_LocalScale: {x: 1, y: 1, z: 1}
  m_Children: []
  m_Father: {fileID: 5579087561734838417}
  m_RootOrder: 2
  m_LocalEulerAnglesHint: {x: 0, y: 0, z: 0}
--- !u!1 &3210073045377658980
GameObject:
  m_ObjectHideFlags: 0
  m_CorrespondingSourceObject: {fileID: 0}
  m_PrefabInstance: {fileID: 0}
  m_PrefabAsset: {fileID: 0}
  serializedVersion: 6
  m_Component:
  - component: {fileID: 2840717307481031149}
  m_Layer: 0
  m_Name: Exits
  m_TagString: Untagged
  m_Icon: {fileID: 0}
  m_NavMeshLayer: 0
  m_StaticEditorFlags: 0
  m_IsActive: 1
--- !u!4 &2840717307481031149
Transform:
  m_ObjectHideFlags: 0
  m_CorrespondingSourceObject: {fileID: 0}
  m_PrefabInstance: {fileID: 0}
  m_PrefabAsset: {fileID: 0}
  m_GameObject: {fileID: 3210073045377658980}
  m_LocalRotation: {x: 0, y: 0, z: 0, w: 1}
  m_LocalPosition: {x: 0, y: 0, z: 0}
  m_LocalScale: {x: 1, y: 1, z: 1}
  m_Children: []
  m_Father: {fileID: 5579087561734838417}
  m_RootOrder: 1
  m_LocalEulerAnglesHint: {x: 0, y: 0, z: 0}
--- !u!1 &3666542531954439253
GameObject:
  m_ObjectHideFlags: 0
  m_CorrespondingSourceObject: {fileID: 0}
  m_PrefabInstance: {fileID: 0}
  m_PrefabAsset: {fileID: 0}
  serializedVersion: 6
  m_Component:
  - component: {fileID: 945687616452823113}
  m_Layer: 8
  m_Name: Walls
  m_TagString: Untagged
  m_Icon: {fileID: 0}
  m_NavMeshLayer: 0
  m_StaticEditorFlags: 0
  m_IsActive: 1
--- !u!4 &945687616452823113
Transform:
  m_ObjectHideFlags: 0
  m_CorrespondingSourceObject: {fileID: 0}
  m_PrefabInstance: {fileID: 0}
  m_PrefabAsset: {fileID: 0}
  m_GameObject: {fileID: 3666542531954439253}
  m_LocalRotation: {x: 0, y: 0, z: 0, w: 1}
  m_LocalPosition: {x: 0, y: 0, z: 0}
  m_LocalScale: {x: 1, y: 1, z: 1}
  m_Children:
  - {fileID: 1622498947348842754}
  - {fileID: 1402282823583360984}
  - {fileID: 1270716864178756213}
  - {fileID: 7844719134700985065}
  - {fileID: 8578612092113613421}
  - {fileID: 8565772417493103156}
  - {fileID: 3085179761064415270}
  - {fileID: 8155451135179162329}
  m_Father: {fileID: 5579087561734838417}
  m_RootOrder: 0
  m_LocalEulerAnglesHint: {x: 0, y: 0, z: 0}
--- !u!1001 &194551089340650475
PrefabInstance:
  m_ObjectHideFlags: 0
  serializedVersion: 2
  m_Modification:
    m_TransformParent: {fileID: 945687616452823113}
    m_Modifications:
    - target: {fileID: 8389242444001272280, guid: 4f55ec25d72ad4a45a28c6e33d688c15,
        type: 3}
      propertyPath: m_Name
      value: Wall (6)
      objectReference: {fileID: 0}
    - target: {fileID: 8389242444001272280, guid: 4f55ec25d72ad4a45a28c6e33d688c15,
        type: 3}
      propertyPath: m_Layer
      value: 8
      objectReference: {fileID: 0}
    - target: {fileID: 8389242444001272287, guid: 4f55ec25d72ad4a45a28c6e33d688c15,
        type: 3}
      propertyPath: m_LocalPosition.x
      value: -7.5
      objectReference: {fileID: 0}
    - target: {fileID: 8389242444001272287, guid: 4f55ec25d72ad4a45a28c6e33d688c15,
        type: 3}
      propertyPath: m_LocalPosition.y
      value: -3
      objectReference: {fileID: 0}
    - target: {fileID: 8389242444001272287, guid: 4f55ec25d72ad4a45a28c6e33d688c15,
        type: 3}
      propertyPath: m_LocalPosition.z
      value: 0
      objectReference: {fileID: 0}
    - target: {fileID: 8389242444001272287, guid: 4f55ec25d72ad4a45a28c6e33d688c15,
        type: 3}
      propertyPath: m_LocalRotation.x
      value: -0
      objectReference: {fileID: 0}
    - target: {fileID: 8389242444001272287, guid: 4f55ec25d72ad4a45a28c6e33d688c15,
        type: 3}
      propertyPath: m_LocalRotation.y
      value: -0
      objectReference: {fileID: 0}
    - target: {fileID: 8389242444001272287, guid: 4f55ec25d72ad4a45a28c6e33d688c15,
        type: 3}
      propertyPath: m_LocalRotation.z
      value: 0.7071068
      objectReference: {fileID: 0}
    - target: {fileID: 8389242444001272287, guid: 4f55ec25d72ad4a45a28c6e33d688c15,
        type: 3}
      propertyPath: m_LocalRotation.w
      value: 0.7071068
      objectReference: {fileID: 0}
    - target: {fileID: 8389242444001272287, guid: 4f55ec25d72ad4a45a28c6e33d688c15,
        type: 3}
      propertyPath: m_RootOrder
      value: 5
      objectReference: {fileID: 0}
    - target: {fileID: 8389242444001272287, guid: 4f55ec25d72ad4a45a28c6e33d688c15,
        type: 3}
      propertyPath: m_LocalEulerAnglesHint.x
      value: 0
      objectReference: {fileID: 0}
    - target: {fileID: 8389242444001272287, guid: 4f55ec25d72ad4a45a28c6e33d688c15,
        type: 3}
      propertyPath: m_LocalEulerAnglesHint.y
      value: 0
      objectReference: {fileID: 0}
    - target: {fileID: 8389242444001272287, guid: 4f55ec25d72ad4a45a28c6e33d688c15,
        type: 3}
      propertyPath: m_LocalEulerAnglesHint.z
      value: 90
      objectReference: {fileID: 0}
    - target: {fileID: 8389242444001272287, guid: 4f55ec25d72ad4a45a28c6e33d688c15,
        type: 3}
      propertyPath: m_LocalScale.x
      value: 4
      objectReference: {fileID: 0}
    - target: {fileID: 8389242444001272287, guid: 4f55ec25d72ad4a45a28c6e33d688c15,
        type: 3}
      propertyPath: m_LocalScale.y
      value: 0.10000005
      objectReference: {fileID: 0}
    m_RemovedComponents: []
  m_SourcePrefab: {fileID: 100100000, guid: 4f55ec25d72ad4a45a28c6e33d688c15, type: 3}
--- !u!4 &8565772417493103156 stripped
Transform:
  m_CorrespondingSourceObject: {fileID: 8389242444001272287, guid: 4f55ec25d72ad4a45a28c6e33d688c15,
    type: 3}
  m_PrefabInstance: {fileID: 194551089340650475}
  m_PrefabAsset: {fileID: 0}
--- !u!1001 &243697617188295602
PrefabInstance:
  m_ObjectHideFlags: 0
  serializedVersion: 2
  m_Modification:
    m_TransformParent: {fileID: 945687616452823113}
    m_Modifications:
    - target: {fileID: 8389242444001272280, guid: 4f55ec25d72ad4a45a28c6e33d688c15,
        type: 3}
      propertyPath: m_Name
      value: Wall (6)
      objectReference: {fileID: 0}
    - target: {fileID: 8389242444001272280, guid: 4f55ec25d72ad4a45a28c6e33d688c15,
        type: 3}
      propertyPath: m_Layer
      value: 8
      objectReference: {fileID: 0}
    - target: {fileID: 8389242444001272287, guid: 4f55ec25d72ad4a45a28c6e33d688c15,
        type: 3}
      propertyPath: m_LocalPosition.x
      value: 7.5
      objectReference: {fileID: 0}
    - target: {fileID: 8389242444001272287, guid: 4f55ec25d72ad4a45a28c6e33d688c15,
        type: 3}
      propertyPath: m_LocalPosition.y
      value: -3
      objectReference: {fileID: 0}
    - target: {fileID: 8389242444001272287, guid: 4f55ec25d72ad4a45a28c6e33d688c15,
        type: 3}
      propertyPath: m_LocalPosition.z
      value: 0
      objectReference: {fileID: 0}
    - target: {fileID: 8389242444001272287, guid: 4f55ec25d72ad4a45a28c6e33d688c15,
        type: 3}
      propertyPath: m_LocalRotation.x
      value: -0
      objectReference: {fileID: 0}
    - target: {fileID: 8389242444001272287, guid: 4f55ec25d72ad4a45a28c6e33d688c15,
        type: 3}
      propertyPath: m_LocalRotation.y
      value: -0
      objectReference: {fileID: 0}
    - target: {fileID: 8389242444001272287, guid: 4f55ec25d72ad4a45a28c6e33d688c15,
        type: 3}
      propertyPath: m_LocalRotation.z
      value: 0.7071068
      objectReference: {fileID: 0}
    - target: {fileID: 8389242444001272287, guid: 4f55ec25d72ad4a45a28c6e33d688c15,
        type: 3}
      propertyPath: m_LocalRotation.w
      value: 0.7071068
      objectReference: {fileID: 0}
    - target: {fileID: 8389242444001272287, guid: 4f55ec25d72ad4a45a28c6e33d688c15,
        type: 3}
      propertyPath: m_RootOrder
      value: 4
      objectReference: {fileID: 0}
    - target: {fileID: 8389242444001272287, guid: 4f55ec25d72ad4a45a28c6e33d688c15,
        type: 3}
      propertyPath: m_LocalEulerAnglesHint.x
      value: 0
      objectReference: {fileID: 0}
    - target: {fileID: 8389242444001272287, guid: 4f55ec25d72ad4a45a28c6e33d688c15,
        type: 3}
      propertyPath: m_LocalEulerAnglesHint.y
      value: 0
      objectReference: {fileID: 0}
    - target: {fileID: 8389242444001272287, guid: 4f55ec25d72ad4a45a28c6e33d688c15,
        type: 3}
      propertyPath: m_LocalEulerAnglesHint.z
      value: 90
      objectReference: {fileID: 0}
    - target: {fileID: 8389242444001272287, guid: 4f55ec25d72ad4a45a28c6e33d688c15,
        type: 3}
      propertyPath: m_LocalScale.x
      value: 4
      objectReference: {fileID: 0}
    - target: {fileID: 8389242444001272287, guid: 4f55ec25d72ad4a45a28c6e33d688c15,
        type: 3}
      propertyPath: m_LocalScale.y
      value: 0.10000011
      objectReference: {fileID: 0}
    m_RemovedComponents: []
  m_SourcePrefab: {fileID: 100100000, guid: 4f55ec25d72ad4a45a28c6e33d688c15, type: 3}
--- !u!4 &8578612092113613421 stripped
Transform:
  m_CorrespondingSourceObject: {fileID: 8389242444001272287, guid: 4f55ec25d72ad4a45a28c6e33d688c15,
    type: 3}
  m_PrefabInstance: {fileID: 243697617188295602}
  m_PrefabAsset: {fileID: 0}
--- !u!1001 &378698292042294022
PrefabInstance:
  m_ObjectHideFlags: 0
  serializedVersion: 2
  m_Modification:
    m_TransformParent: {fileID: 945687616452823113}
    m_Modifications:
    - target: {fileID: 8389242444001272280, guid: 4f55ec25d72ad4a45a28c6e33d688c15,
        type: 3}
      propertyPath: m_Name
      value: Wall (8)
      objectReference: {fileID: 0}
    - target: {fileID: 8389242444001272280, guid: 4f55ec25d72ad4a45a28c6e33d688c15,
        type: 3}
      propertyPath: m_Layer
      value: 8
      objectReference: {fileID: 0}
    - target: {fileID: 8389242444001272287, guid: 4f55ec25d72ad4a45a28c6e33d688c15,
        type: 3}
      propertyPath: m_LocalPosition.x
      value: 7.5
      objectReference: {fileID: 0}
    - target: {fileID: 8389242444001272287, guid: 4f55ec25d72ad4a45a28c6e33d688c15,
        type: 3}
      propertyPath: m_LocalPosition.y
      value: 3
      objectReference: {fileID: 0}
    - target: {fileID: 8389242444001272287, guid: 4f55ec25d72ad4a45a28c6e33d688c15,
        type: 3}
      propertyPath: m_LocalPosition.z
      value: 0
      objectReference: {fileID: 0}
    - target: {fileID: 8389242444001272287, guid: 4f55ec25d72ad4a45a28c6e33d688c15,
        type: 3}
      propertyPath: m_LocalRotation.x
      value: -0
      objectReference: {fileID: 0}
    - target: {fileID: 8389242444001272287, guid: 4f55ec25d72ad4a45a28c6e33d688c15,
        type: 3}
      propertyPath: m_LocalRotation.y
      value: -0
      objectReference: {fileID: 0}
    - target: {fileID: 8389242444001272287, guid: 4f55ec25d72ad4a45a28c6e33d688c15,
        type: 3}
      propertyPath: m_LocalRotation.z
      value: 0.7071068
      objectReference: {fileID: 0}
    - target: {fileID: 8389242444001272287, guid: 4f55ec25d72ad4a45a28c6e33d688c15,
        type: 3}
      propertyPath: m_LocalRotation.w
      value: 0.7071068
      objectReference: {fileID: 0}
    - target: {fileID: 8389242444001272287, guid: 4f55ec25d72ad4a45a28c6e33d688c15,
        type: 3}
      propertyPath: m_RootOrder
      value: 7
      objectReference: {fileID: 0}
    - target: {fileID: 8389242444001272287, guid: 4f55ec25d72ad4a45a28c6e33d688c15,
        type: 3}
      propertyPath: m_LocalEulerAnglesHint.x
      value: 0
      objectReference: {fileID: 0}
    - target: {fileID: 8389242444001272287, guid: 4f55ec25d72ad4a45a28c6e33d688c15,
        type: 3}
      propertyPath: m_LocalEulerAnglesHint.y
      value: 0
      objectReference: {fileID: 0}
    - target: {fileID: 8389242444001272287, guid: 4f55ec25d72ad4a45a28c6e33d688c15,
        type: 3}
      propertyPath: m_LocalEulerAnglesHint.z
      value: 90
      objectReference: {fileID: 0}
    - target: {fileID: 8389242444001272287, guid: 4f55ec25d72ad4a45a28c6e33d688c15,
        type: 3}
      propertyPath: m_LocalScale.x
      value: 4
      objectReference: {fileID: 0}
    - target: {fileID: 8389242444001272287, guid: 4f55ec25d72ad4a45a28c6e33d688c15,
        type: 3}
      propertyPath: m_LocalScale.y
      value: 0.10000005
      objectReference: {fileID: 0}
    m_RemovedComponents: []
  m_SourcePrefab: {fileID: 100100000, guid: 4f55ec25d72ad4a45a28c6e33d688c15, type: 3}
--- !u!4 &8155451135179162329 stripped
Transform:
  m_CorrespondingSourceObject: {fileID: 8389242444001272287, guid: 4f55ec25d72ad4a45a28c6e33d688c15,
    type: 3}
  m_PrefabInstance: {fileID: 378698292042294022}
  m_PrefabAsset: {fileID: 0}
--- !u!1001 &1779654073530497846
PrefabInstance:
  m_ObjectHideFlags: 0
  serializedVersion: 2
  m_Modification:
    m_TransformParent: {fileID: 945687616452823113}
    m_Modifications:
    - target: {fileID: 8389242444001272280, guid: 4f55ec25d72ad4a45a28c6e33d688c15,
        type: 3}
      propertyPath: m_Name
      value: Wall (5)
      objectReference: {fileID: 0}
    - target: {fileID: 8389242444001272280, guid: 4f55ec25d72ad4a45a28c6e33d688c15,
        type: 3}
      propertyPath: m_Layer
      value: 8
      objectReference: {fileID: 0}
    - target: {fileID: 8389242444001272287, guid: 4f55ec25d72ad4a45a28c6e33d688c15,
        type: 3}
      propertyPath: m_LocalPosition.x
      value: -4.25
      objectReference: {fileID: 0}
    - target: {fileID: 8389242444001272287, guid: 4f55ec25d72ad4a45a28c6e33d688c15,
        type: 3}
      propertyPath: m_LocalPosition.y
      value: 5
      objectReference: {fileID: 0}
    - target: {fileID: 8389242444001272287, guid: 4f55ec25d72ad4a45a28c6e33d688c15,
        type: 3}
      propertyPath: m_LocalPosition.z
      value: 0
      objectReference: {fileID: 0}
    - target: {fileID: 8389242444001272287, guid: 4f55ec25d72ad4a45a28c6e33d688c15,
        type: 3}
      propertyPath: m_LocalRotation.x
      value: -0
      objectReference: {fileID: 0}
    - target: {fileID: 8389242444001272287, guid: 4f55ec25d72ad4a45a28c6e33d688c15,
        type: 3}
      propertyPath: m_LocalRotation.y
      value: -0
      objectReference: {fileID: 0}
    - target: {fileID: 8389242444001272287, guid: 4f55ec25d72ad4a45a28c6e33d688c15,
        type: 3}
      propertyPath: m_LocalRotation.z
      value: -0
      objectReference: {fileID: 0}
    - target: {fileID: 8389242444001272287, guid: 4f55ec25d72ad4a45a28c6e33d688c15,
        type: 3}
      propertyPath: m_LocalRotation.w
      value: 1
      objectReference: {fileID: 0}
    - target: {fileID: 8389242444001272287, guid: 4f55ec25d72ad4a45a28c6e33d688c15,
        type: 3}
      propertyPath: m_RootOrder
      value: 3
      objectReference: {fileID: 0}
    - target: {fileID: 8389242444001272287, guid: 4f55ec25d72ad4a45a28c6e33d688c15,
        type: 3}
      propertyPath: m_LocalEulerAnglesHint.x
      value: 0
      objectReference: {fileID: 0}
    - target: {fileID: 8389242444001272287, guid: 4f55ec25d72ad4a45a28c6e33d688c15,
        type: 3}
      propertyPath: m_LocalEulerAnglesHint.y
      value: 0
      objectReference: {fileID: 0}
    - target: {fileID: 8389242444001272287, guid: 4f55ec25d72ad4a45a28c6e33d688c15,
        type: 3}
      propertyPath: m_LocalEulerAnglesHint.z
      value: 0
      objectReference: {fileID: 0}
    - target: {fileID: 8389242444001272287, guid: 4f55ec25d72ad4a45a28c6e33d688c15,
        type: 3}
      propertyPath: m_LocalScale.x
      value: 6.5
      objectReference: {fileID: 0}
    - target: {fileID: 8389242444001272287, guid: 4f55ec25d72ad4a45a28c6e33d688c15,
        type: 3}
      propertyPath: m_LocalScale.y
      value: 0.099999994
      objectReference: {fileID: 0}
    m_RemovedComponents: []
  m_SourcePrefab: {fileID: 100100000, guid: 4f55ec25d72ad4a45a28c6e33d688c15, type: 3}
--- !u!4 &7844719134700985065 stripped
Transform:
  m_CorrespondingSourceObject: {fileID: 8389242444001272287, guid: 4f55ec25d72ad4a45a28c6e33d688c15,
    type: 3}
  m_PrefabInstance: {fileID: 1779654073530497846}
  m_PrefabAsset: {fileID: 0}
--- !u!1001 &6826420382714262009
PrefabInstance:
  m_ObjectHideFlags: 0
  serializedVersion: 2
  m_Modification:
    m_TransformParent: {fileID: 945687616452823113}
    m_Modifications:
    - target: {fileID: 8389242444001272280, guid: 4f55ec25d72ad4a45a28c6e33d688c15,
        type: 3}
      propertyPath: m_Name
      value: Wall (7)
      objectReference: {fileID: 0}
    - target: {fileID: 8389242444001272280, guid: 4f55ec25d72ad4a45a28c6e33d688c15,
        type: 3}
      propertyPath: m_Layer
      value: 8
      objectReference: {fileID: 0}
    - target: {fileID: 8389242444001272287, guid: 4f55ec25d72ad4a45a28c6e33d688c15,
        type: 3}
      propertyPath: m_LocalPosition.x
      value: -7.5
      objectReference: {fileID: 0}
    - target: {fileID: 8389242444001272287, guid: 4f55ec25d72ad4a45a28c6e33d688c15,
        type: 3}
      propertyPath: m_LocalPosition.y
      value: 3
      objectReference: {fileID: 0}
    - target: {fileID: 8389242444001272287, guid: 4f55ec25d72ad4a45a28c6e33d688c15,
        type: 3}
      propertyPath: m_LocalPosition.z
      value: 0
      objectReference: {fileID: 0}
    - target: {fileID: 8389242444001272287, guid: 4f55ec25d72ad4a45a28c6e33d688c15,
        type: 3}
      propertyPath: m_LocalRotation.x
      value: -0
      objectReference: {fileID: 0}
    - target: {fileID: 8389242444001272287, guid: 4f55ec25d72ad4a45a28c6e33d688c15,
        type: 3}
      propertyPath: m_LocalRotation.y
      value: -0
      objectReference: {fileID: 0}
    - target: {fileID: 8389242444001272287, guid: 4f55ec25d72ad4a45a28c6e33d688c15,
        type: 3}
      propertyPath: m_LocalRotation.z
      value: 0.7071068
      objectReference: {fileID: 0}
    - target: {fileID: 8389242444001272287, guid: 4f55ec25d72ad4a45a28c6e33d688c15,
        type: 3}
      propertyPath: m_LocalRotation.w
      value: 0.7071068
      objectReference: {fileID: 0}
    - target: {fileID: 8389242444001272287, guid: 4f55ec25d72ad4a45a28c6e33d688c15,
        type: 3}
      propertyPath: m_RootOrder
      value: 6
      objectReference: {fileID: 0}
    - target: {fileID: 8389242444001272287, guid: 4f55ec25d72ad4a45a28c6e33d688c15,
        type: 3}
      propertyPath: m_LocalEulerAnglesHint.x
      value: 0
      objectReference: {fileID: 0}
    - target: {fileID: 8389242444001272287, guid: 4f55ec25d72ad4a45a28c6e33d688c15,
        type: 3}
      propertyPath: m_LocalEulerAnglesHint.y
      value: 0
      objectReference: {fileID: 0}
    - target: {fileID: 8389242444001272287, guid: 4f55ec25d72ad4a45a28c6e33d688c15,
        type: 3}
      propertyPath: m_LocalEulerAnglesHint.z
      value: 90
      objectReference: {fileID: 0}
    - target: {fileID: 8389242444001272287, guid: 4f55ec25d72ad4a45a28c6e33d688c15,
        type: 3}
      propertyPath: m_LocalScale.x
      value: 4
      objectReference: {fileID: 0}
    - target: {fileID: 8389242444001272287, guid: 4f55ec25d72ad4a45a28c6e33d688c15,
        type: 3}
      propertyPath: m_LocalScale.y
      value: 0.10000005
      objectReference: {fileID: 0}
    m_RemovedComponents: []
  m_SourcePrefab: {fileID: 100100000, guid: 4f55ec25d72ad4a45a28c6e33d688c15, type: 3}
--- !u!4 &3085179761064415270 stripped
Transform:
  m_CorrespondingSourceObject: {fileID: 8389242444001272287, guid: 4f55ec25d72ad4a45a28c6e33d688c15,
    type: 3}
  m_PrefabInstance: {fileID: 6826420382714262009}
  m_PrefabAsset: {fileID: 0}
--- !u!1001 &7127181414759344349
PrefabInstance:
  m_ObjectHideFlags: 0
  serializedVersion: 2
  m_Modification:
    m_TransformParent: {fileID: 945687616452823113}
    m_Modifications:
    - target: {fileID: 8389242444001272280, guid: 4f55ec25d72ad4a45a28c6e33d688c15,
        type: 3}
      propertyPath: m_Name
      value: Wall
      objectReference: {fileID: 0}
    - target: {fileID: 8389242444001272280, guid: 4f55ec25d72ad4a45a28c6e33d688c15,
        type: 3}
      propertyPath: m_Layer
      value: 8
      objectReference: {fileID: 0}
    - target: {fileID: 8389242444001272287, guid: 4f55ec25d72ad4a45a28c6e33d688c15,
        type: 3}
      propertyPath: m_LocalPosition.x
      value: 4.25
      objectReference: {fileID: 0}
    - target: {fileID: 8389242444001272287, guid: 4f55ec25d72ad4a45a28c6e33d688c15,
        type: 3}
      propertyPath: m_LocalPosition.y
      value: -5
      objectReference: {fileID: 0}
    - target: {fileID: 8389242444001272287, guid: 4f55ec25d72ad4a45a28c6e33d688c15,
        type: 3}
      propertyPath: m_LocalPosition.z
      value: 0
      objectReference: {fileID: 0}
    - target: {fileID: 8389242444001272287, guid: 4f55ec25d72ad4a45a28c6e33d688c15,
        type: 3}
      propertyPath: m_LocalRotation.x
      value: -0
      objectReference: {fileID: 0}
    - target: {fileID: 8389242444001272287, guid: 4f55ec25d72ad4a45a28c6e33d688c15,
        type: 3}
      propertyPath: m_LocalRotation.y
      value: -0
      objectReference: {fileID: 0}
    - target: {fileID: 8389242444001272287, guid: 4f55ec25d72ad4a45a28c6e33d688c15,
        type: 3}
      propertyPath: m_LocalRotation.z
      value: -0
      objectReference: {fileID: 0}
    - target: {fileID: 8389242444001272287, guid: 4f55ec25d72ad4a45a28c6e33d688c15,
        type: 3}
      propertyPath: m_LocalRotation.w
      value: 1
      objectReference: {fileID: 0}
    - target: {fileID: 8389242444001272287, guid: 4f55ec25d72ad4a45a28c6e33d688c15,
        type: 3}
      propertyPath: m_RootOrder
      value: 0
      objectReference: {fileID: 0}
    - target: {fileID: 8389242444001272287, guid: 4f55ec25d72ad4a45a28c6e33d688c15,
        type: 3}
      propertyPath: m_LocalEulerAnglesHint.x
      value: 0
      objectReference: {fileID: 0}
    - target: {fileID: 8389242444001272287, guid: 4f55ec25d72ad4a45a28c6e33d688c15,
        type: 3}
      propertyPath: m_LocalEulerAnglesHint.y
      value: 0
      objectReference: {fileID: 0}
    - target: {fileID: 8389242444001272287, guid: 4f55ec25d72ad4a45a28c6e33d688c15,
        type: 3}
      propertyPath: m_LocalEulerAnglesHint.z
      value: 0
      objectReference: {fileID: 0}
    - target: {fileID: 8389242444001272287, guid: 4f55ec25d72ad4a45a28c6e33d688c15,
        type: 3}
      propertyPath: m_LocalScale.x
      value: 6.5
      objectReference: {fileID: 0}
    m_RemovedComponents: []
  m_SourcePrefab: {fileID: 100100000, guid: 4f55ec25d72ad4a45a28c6e33d688c15, type: 3}
--- !u!4 &1622498947348842754 stripped
Transform:
  m_CorrespondingSourceObject: {fileID: 8389242444001272287, guid: 4f55ec25d72ad4a45a28c6e33d688c15,
    type: 3}
  m_PrefabInstance: {fileID: 7127181414759344349}
  m_PrefabAsset: {fileID: 0}
--- !u!1001 &7336062317994081194
PrefabInstance:
  m_ObjectHideFlags: 0
  serializedVersion: 2
  m_Modification:
    m_TransformParent: {fileID: 945687616452823113}
    m_Modifications:
    - target: {fileID: 8389242444001272280, guid: 4f55ec25d72ad4a45a28c6e33d688c15,
        type: 3}
      propertyPath: m_Name
      value: Wall (4)
      objectReference: {fileID: 0}
    - target: {fileID: 8389242444001272280, guid: 4f55ec25d72ad4a45a28c6e33d688c15,
        type: 3}
      propertyPath: m_Layer
      value: 8
      objectReference: {fileID: 0}
    - target: {fileID: 8389242444001272287, guid: 4f55ec25d72ad4a45a28c6e33d688c15,
        type: 3}
      propertyPath: m_LocalPosition.x
      value: -4.25
      objectReference: {fileID: 0}
    - target: {fileID: 8389242444001272287, guid: 4f55ec25d72ad4a45a28c6e33d688c15,
        type: 3}
      propertyPath: m_LocalPosition.y
      value: -5
      objectReference: {fileID: 0}
    - target: {fileID: 8389242444001272287, guid: 4f55ec25d72ad4a45a28c6e33d688c15,
        type: 3}
      propertyPath: m_LocalPosition.z
      value: 0
      objectReference: {fileID: 0}
    - target: {fileID: 8389242444001272287, guid: 4f55ec25d72ad4a45a28c6e33d688c15,
        type: 3}
      propertyPath: m_LocalRotation.x
      value: -0
      objectReference: {fileID: 0}
    - target: {fileID: 8389242444001272287, guid: 4f55ec25d72ad4a45a28c6e33d688c15,
        type: 3}
      propertyPath: m_LocalRotation.y
      value: -0
      objectReference: {fileID: 0}
    - target: {fileID: 8389242444001272287, guid: 4f55ec25d72ad4a45a28c6e33d688c15,
        type: 3}
      propertyPath: m_LocalRotation.z
      value: -0
      objectReference: {fileID: 0}
    - target: {fileID: 8389242444001272287, guid: 4f55ec25d72ad4a45a28c6e33d688c15,
        type: 3}
      propertyPath: m_LocalRotation.w
      value: 1
      objectReference: {fileID: 0}
    - target: {fileID: 8389242444001272287, guid: 4f55ec25d72ad4a45a28c6e33d688c15,
        type: 3}
      propertyPath: m_RootOrder
      value: 2
      objectReference: {fileID: 0}
    - target: {fileID: 8389242444001272287, guid: 4f55ec25d72ad4a45a28c6e33d688c15,
        type: 3}
      propertyPath: m_LocalEulerAnglesHint.x
      value: 0
      objectReference: {fileID: 0}
    - target: {fileID: 8389242444001272287, guid: 4f55ec25d72ad4a45a28c6e33d688c15,
        type: 3}
      propertyPath: m_LocalEulerAnglesHint.y
      value: 0
      objectReference: {fileID: 0}
    - target: {fileID: 8389242444001272287, guid: 4f55ec25d72ad4a45a28c6e33d688c15,
        type: 3}
      propertyPath: m_LocalEulerAnglesHint.z
      value: 0
      objectReference: {fileID: 0}
    - target: {fileID: 8389242444001272287, guid: 4f55ec25d72ad4a45a28c6e33d688c15,
        type: 3}
      propertyPath: m_LocalScale.x
      value: 6.5
      objectReference: {fileID: 0}
    - target: {fileID: 8389242444001272287, guid: 4f55ec25d72ad4a45a28c6e33d688c15,
        type: 3}
      propertyPath: m_LocalScale.y
      value: 0.099999994
      objectReference: {fileID: 0}
    m_RemovedComponents: []
  m_SourcePrefab: {fileID: 100100000, guid: 4f55ec25d72ad4a45a28c6e33d688c15, type: 3}
--- !u!4 &1270716864178756213 stripped
Transform:
  m_CorrespondingSourceObject: {fileID: 8389242444001272287, guid: 4f55ec25d72ad4a45a28c6e33d688c15,
    type: 3}
  m_PrefabInstance: {fileID: 7336062317994081194}
  m_PrefabAsset: {fileID: 0}
--- !u!1001 &7429104585450587655
PrefabInstance:
  m_ObjectHideFlags: 0
  serializedVersion: 2
  m_Modification:
    m_TransformParent: {fileID: 945687616452823113}
    m_Modifications:
    - target: {fileID: 8389242444001272280, guid: 4f55ec25d72ad4a45a28c6e33d688c15,
        type: 3}
      propertyPath: m_Name
      value: Wall (1)
      objectReference: {fileID: 0}
    - target: {fileID: 8389242444001272280, guid: 4f55ec25d72ad4a45a28c6e33d688c15,
        type: 3}
      propertyPath: m_Layer
      value: 8
      objectReference: {fileID: 0}
    - target: {fileID: 8389242444001272287, guid: 4f55ec25d72ad4a45a28c6e33d688c15,
        type: 3}
      propertyPath: m_LocalPosition.x
      value: 4.25
      objectReference: {fileID: 0}
    - target: {fileID: 8389242444001272287, guid: 4f55ec25d72ad4a45a28c6e33d688c15,
        type: 3}
      propertyPath: m_LocalPosition.y
      value: 5
      objectReference: {fileID: 0}
    - target: {fileID: 8389242444001272287, guid: 4f55ec25d72ad4a45a28c6e33d688c15,
        type: 3}
      propertyPath: m_LocalPosition.z
      value: 0
      objectReference: {fileID: 0}
    - target: {fileID: 8389242444001272287, guid: 4f55ec25d72ad4a45a28c6e33d688c15,
        type: 3}
      propertyPath: m_LocalRotation.x
      value: -0
      objectReference: {fileID: 0}
    - target: {fileID: 8389242444001272287, guid: 4f55ec25d72ad4a45a28c6e33d688c15,
        type: 3}
      propertyPath: m_LocalRotation.y
      value: -0
      objectReference: {fileID: 0}
    - target: {fileID: 8389242444001272287, guid: 4f55ec25d72ad4a45a28c6e33d688c15,
        type: 3}
      propertyPath: m_LocalRotation.z
      value: -0
      objectReference: {fileID: 0}
    - target: {fileID: 8389242444001272287, guid: 4f55ec25d72ad4a45a28c6e33d688c15,
        type: 3}
      propertyPath: m_LocalRotation.w
      value: 1
      objectReference: {fileID: 0}
    - target: {fileID: 8389242444001272287, guid: 4f55ec25d72ad4a45a28c6e33d688c15,
        type: 3}
      propertyPath: m_RootOrder
      value: 1
      objectReference: {fileID: 0}
    - target: {fileID: 8389242444001272287, guid: 4f55ec25d72ad4a45a28c6e33d688c15,
        type: 3}
      propertyPath: m_LocalEulerAnglesHint.x
      value: 0
      objectReference: {fileID: 0}
    - target: {fileID: 8389242444001272287, guid: 4f55ec25d72ad4a45a28c6e33d688c15,
        type: 3}
      propertyPath: m_LocalEulerAnglesHint.y
      value: 0
      objectReference: {fileID: 0}
    - target: {fileID: 8389242444001272287, guid: 4f55ec25d72ad4a45a28c6e33d688c15,
        type: 3}
      propertyPath: m_LocalEulerAnglesHint.z
      value: 0
      objectReference: {fileID: 0}
    - target: {fileID: 8389242444001272287, guid: 4f55ec25d72ad4a45a28c6e33d688c15,
        type: 3}
      propertyPath: m_LocalScale.x
      value: 6.5
      objectReference: {fileID: 0}
    - target: {fileID: 8389242444001272287, guid: 4f55ec25d72ad4a45a28c6e33d688c15,
        type: 3}
      propertyPath: m_LocalScale.y
      value: 0.099999994
      objectReference: {fileID: 0}
    m_RemovedComponents: []
  m_SourcePrefab: {fileID: 100100000, guid: 4f55ec25d72ad4a45a28c6e33d688c15, type: 3}
--- !u!4 &1402282823583360984 stripped
Transform:
  m_CorrespondingSourceObject: {fileID: 8389242444001272287, guid: 4f55ec25d72ad4a45a28c6e33d688c15,
    type: 3}
  m_PrefabInstance: {fileID: 7429104585450587655}
  m_PrefabAsset: {fileID: 0}
