%YAML 1.1
%TAG !u! tag:unity3d.com,2011:
--- !u!1 &965642597969729293
GameObject:
  m_ObjectHideFlags: 0
  m_CorrespondingSourceObject: {fileID: 0}
  m_PrefabInstance: {fileID: 0}
  m_PrefabAsset: {fileID: 0}
  serializedVersion: 6
  m_Component:
  - component: {fileID: 5840000852695095893}
  m_Layer: 0
  m_Name: MeleeWeapon
  m_TagString: Untagged
  m_Icon: {fileID: 0}
  m_NavMeshLayer: 0
  m_StaticEditorFlags: 0
  m_IsActive: 1
--- !u!4 &5840000852695095893
Transform:
  m_ObjectHideFlags: 0
  m_CorrespondingSourceObject: {fileID: 0}
  m_PrefabInstance: {fileID: 0}
  m_PrefabAsset: {fileID: 0}
  m_GameObject: {fileID: 965642597969729293}
  m_LocalRotation: {x: 0, y: 0, z: 0, w: 1}
  m_LocalPosition: {x: 0, y: 0, z: 0}
  m_LocalScale: {x: 1, y: 1, z: 1}
  m_Children:
  - {fileID: 4699191161630622535}
  m_Father: {fileID: 9055684751190894003}
  m_RootOrder: 1
  m_LocalEulerAnglesHint: {x: 0, y: 0, z: 0}
--- !u!1 &9055684751190894004
GameObject:
  m_ObjectHideFlags: 0
  m_CorrespondingSourceObject: {fileID: 0}
  m_PrefabInstance: {fileID: 0}
  m_PrefabAsset: {fileID: 0}
  serializedVersion: 6
  m_Component:
  - component: {fileID: 9055684751190894003}
  - component: {fileID: 9055684751190894000}
  - component: {fileID: 9055684751190894014}
  - component: {fileID: 2302379881536782973}
  - component: {fileID: 9055684751190894001}
  - component: {fileID: 9055684751190894002}
  - component: {fileID: 9055684751190894015}
  - component: {fileID: 9055684751190894013}
  m_Layer: 9
  m_Name: EnemyGun
  m_TagString: Entity
  m_Icon: {fileID: 0}
  m_NavMeshLayer: 0
  m_StaticEditorFlags: 0
  m_IsActive: 1
--- !u!4 &9055684751190894003
Transform:
  m_ObjectHideFlags: 0
  m_CorrespondingSourceObject: {fileID: 0}
  m_PrefabInstance: {fileID: 0}
  m_PrefabAsset: {fileID: 0}
  m_GameObject: {fileID: 9055684751190894004}
  m_LocalRotation: {x: 0, y: 0, z: 0, w: 1}
  m_LocalPosition: {x: 3.546, y: 0.651, z: 0}
  m_LocalScale: {x: 1, y: 1, z: 1}
  m_Children:
  - {fileID: 9055684751829675308}
  - {fileID: 5840000852695095893}
  m_Father: {fileID: 0}
  m_RootOrder: 0
  m_LocalEulerAnglesHint: {x: 0, y: 0, z: 0}
--- !u!114 &9055684751190894000
MonoBehaviour:
  m_ObjectHideFlags: 0
  m_CorrespondingSourceObject: {fileID: 0}
  m_PrefabInstance: {fileID: 0}
  m_PrefabAsset: {fileID: 0}
  m_GameObject: {fileID: 9055684751190894004}
  m_Enabled: 1
  m_EditorHideFlags: 0
  m_Script: {fileID: 11500000, guid: 87a635068b15b294199fd63dfde0deaa, type: 3}
  m_Name: 
  m_EditorClassIdentifier: 
  facingDir: {x: 0, y: -1}
  hitParticlesPrefab: {fileID: 6312193958160451950, guid: 6d0ba8045881d0447870f42f811480a1,
    type: 3}
  maxHealth: 30
  health: 0
  isInvincible: 0
  deathTime: 2
  currentRoom: {fileID: 0}
  currentWeapon: {fileID: 9002170246971571757}
  rangeWeapon: {fileID: 9055684751829675308}
  meleeWeapon: {fileID: 5840000852695095893}
  isDead: 0
  canMove: 1
  coinPrefab: {fileID: 6921528906348353737, guid: 0ac6f17ae5514444f9cb620cf8a843ee,
    type: 3}
  drops:
  - {fileID: 11400000, guid: b23aba346d15c7a4b8cc7d3741bacbb4, type: 2}
  skills: []
--- !u!114 &9055684751190894014
MonoBehaviour:
  m_ObjectHideFlags: 0
  m_CorrespondingSourceObject: {fileID: 0}
  m_PrefabInstance: {fileID: 0}
  m_PrefabAsset: {fileID: 0}
  m_GameObject: {fileID: 9055684751190894004}
  m_Enabled: 1
  m_EditorHideFlags: 0
  m_Script: {fileID: 11500000, guid: d67276f4d6992394b852e2398d1afb2e, type: 3}
  m_Name: 
  m_EditorClassIdentifier: 
  moveSpeed: 3
  target: {fileID: 0}
  meleeDistance: 2
  rangeDistance: 5
  distanceToPlayer: 1.5
--- !u!114 &2302379881536782973
MonoBehaviour:
  m_ObjectHideFlags: 0
  m_CorrespondingSourceObject: {fileID: 0}
  m_PrefabInstance: {fileID: 0}
  m_PrefabAsset: {fileID: 0}
  m_GameObject: {fileID: 9055684751190894004}
  m_Enabled: 1
  m_EditorHideFlags: 0
  m_Script: {fileID: 11500000, guid: 561e3ea1b9735fc468083e151e9a06b1, type: 3}
  m_Name: 
  m_EditorClassIdentifier: 
  weapons:
  - {fileID: 9002170246971571757}
  - {fileID: 4699191161630622533}
  currentWeaponIndex: 0
  money: 1
--- !u!212 &9055684751190894001
SpriteRenderer:
  m_ObjectHideFlags: 0
  m_CorrespondingSourceObject: {fileID: 0}
  m_PrefabInstance: {fileID: 0}
  m_PrefabAsset: {fileID: 0}
  m_GameObject: {fileID: 9055684751190894004}
  m_Enabled: 1
  m_CastShadows: 0
  m_ReceiveShadows: 0
  m_DynamicOccludee: 1
  m_MotionVectors: 1
  m_LightProbeUsage: 1
  m_ReflectionProbeUsage: 1
  m_RenderingLayerMask: 1
  m_RendererPriority: 0
  m_Materials:
  - {fileID: 10754, guid: 0000000000000000f000000000000000, type: 0}
  m_StaticBatchInfo:
    firstSubMesh: 0
    subMeshCount: 0
  m_StaticBatchRoot: {fileID: 0}
  m_ProbeAnchor: {fileID: 0}
  m_LightProbeVolumeOverride: {fileID: 0}
  m_ScaleInLightmap: 1
  m_PreserveUVs: 0
  m_IgnoreNormalsForChartDetection: 0
  m_ImportantGI: 0
  m_StitchLightmapSeams: 1
  m_SelectedEditorRenderState: 0
  m_MinimumChartSize: 4
  m_AutoUVMaxDistance: 0.5
  m_AutoUVMaxAngle: 89
  m_LightmapParameters: {fileID: 0}
  m_SortingLayerID: 0
  m_SortingLayer: 0
  m_SortingOrder: 5
  m_Sprite: {fileID: 4621355318023485807, guid: a03ee65b32291b54d9d7a34c8ebfb8a8,
    type: 3}
  m_Color: {r: 1, g: 1, b: 1, a: 1}
  m_FlipX: 0
  m_FlipY: 0
  m_DrawMode: 0
  m_Size: {x: 0.71428573, y: 1}
  m_AdaptiveModeThreshold: 0.5
  m_SpriteTileMode: 0
  m_WasSpriteAssigned: 1
  m_MaskInteraction: 0
  m_SpriteSortPoint: 0
--- !u!95 &9055684751190894002
Animator:
  serializedVersion: 3
  m_ObjectHideFlags: 0
  m_CorrespondingSourceObject: {fileID: 0}
  m_PrefabInstance: {fileID: 0}
  m_PrefabAsset: {fileID: 0}
  m_GameObject: {fileID: 9055684751190894004}
  m_Enabled: 1
  m_Avatar: {fileID: 0}
  m_Controller: {fileID: 22100000, guid: c304c94f5f0b253478ccaeddb1f1b50c, type: 2}
  m_CullingMode: 0
  m_UpdateMode: 0
  m_ApplyRootMotion: 0
  m_LinearVelocityBlending: 0
  m_WarningMessage: 
  m_HasTransformHierarchy: 1
  m_AllowConstantClipSamplingOptimization: 1
  m_KeepAnimatorControllerStateOnDisable: 0
--- !u!61 &9055684751190894015
BoxCollider2D:
  m_ObjectHideFlags: 0
  m_CorrespondingSourceObject: {fileID: 0}
  m_PrefabInstance: {fileID: 0}
  m_PrefabAsset: {fileID: 0}
  m_GameObject: {fileID: 9055684751190894004}
  m_Enabled: 1
  m_Density: 1
  m_Material: {fileID: 0}
  m_IsTrigger: 0
  m_UsedByEffector: 0
  m_UsedByComposite: 0
  m_Offset: {x: 0, y: 0}
  m_SpriteTilingProperty:
    border: {x: 0, y: 0, z: 0, w: 0}
    pivot: {x: 0.5, y: 0.5}
    oldSize: {x: 0.71428573, y: 1}
    newSize: {x: 0.71428573, y: 1}
    adaptiveTilingThreshold: 0.5
    drawMode: 0
    adaptiveTiling: 0
  m_AutoTiling: 0
  serializedVersion: 2
  m_Size: {x: 0.71428573, y: 1}
  m_EdgeRadius: 0
--- !u!50 &9055684751190894013
Rigidbody2D:
  serializedVersion: 4
  m_ObjectHideFlags: 0
  m_CorrespondingSourceObject: {fileID: 0}
  m_PrefabInstance: {fileID: 0}
  m_PrefabAsset: {fileID: 0}
  m_GameObject: {fileID: 9055684751190894004}
  m_BodyType: 0
  m_Simulated: 1
  m_UseFullKinematicContacts: 0
  m_UseAutoMass: 0
  m_Mass: 1
  m_LinearDrag: 0
  m_AngularDrag: 0.05
  m_GravityScale: 0
  m_Material: {fileID: 0}
  m_Interpolate: 0
  m_SleepingMode: 1
  m_CollisionDetection: 1
  m_Constraints: 4
--- !u!1 &9055684751829675309
GameObject:
  m_ObjectHideFlags: 0
  m_CorrespondingSourceObject: {fileID: 0}
  m_PrefabInstance: {fileID: 0}
  m_PrefabAsset: {fileID: 0}
  serializedVersion: 6
  m_Component:
  - component: {fileID: 9055684751829675308}
  m_Layer: 0
  m_Name: Weapon
  m_TagString: Untagged
  m_Icon: {fileID: 0}
  m_NavMeshLayer: 0
  m_StaticEditorFlags: 0
  m_IsActive: 1
--- !u!4 &9055684751829675308
Transform:
  m_ObjectHideFlags: 0
  m_CorrespondingSourceObject: {fileID: 0}
  m_PrefabInstance: {fileID: 0}
  m_PrefabAsset: {fileID: 0}
  m_GameObject: {fileID: 9055684751829675309}
  m_LocalRotation: {x: -0, y: -0, z: -0, w: 1}
  m_LocalPosition: {x: -0.25, y: -0.3, z: 0}
  m_LocalScale: {x: 1, y: 1, z: 1}
  m_Children:
  - {fileID: 9002170246971571755}
  m_Father: {fileID: 9055684751190894003}
  m_RootOrder: 0
  m_LocalEulerAnglesHint: {x: 0, y: 0, z: 0}
--- !u!1001 &4985090505140613333
PrefabInstance:
  m_ObjectHideFlags: 0
  serializedVersion: 2
  m_Modification:
    m_TransformParent: {fileID: 5840000852695095893}
    m_Modifications:
    - target: {fileID: 295117786457453459, guid: ec2c8b8f0fc61244c8ccf439f5f2ec86,
        type: 3}
      propertyPath: m_Name
      value: Sword
      objectReference: {fileID: 0}
    - target: {fileID: 295117786457453459, guid: ec2c8b8f0fc61244c8ccf439f5f2ec86,
        type: 3}
      propertyPath: m_IsActive
      value: 0
      objectReference: {fileID: 0}
    - target: {fileID: 295117786457453458, guid: ec2c8b8f0fc61244c8ccf439f5f2ec86,
        type: 3}
      propertyPath: m_LocalPosition.x
      value: -0.2479999
      objectReference: {fileID: 0}
    - target: {fileID: 295117786457453458, guid: ec2c8b8f0fc61244c8ccf439f5f2ec86,
        type: 3}
      propertyPath: m_LocalPosition.y
      value: -0.273
      objectReference: {fileID: 0}
    - target: {fileID: 295117786457453458, guid: ec2c8b8f0fc61244c8ccf439f5f2ec86,
        type: 3}
      propertyPath: m_LocalPosition.z
      value: 0
      objectReference: {fileID: 0}
    - target: {fileID: 295117786457453458, guid: ec2c8b8f0fc61244c8ccf439f5f2ec86,
        type: 3}
      propertyPath: m_LocalRotation.x
      value: 0
      objectReference: {fileID: 0}
    - target: {fileID: 295117786457453458, guid: ec2c8b8f0fc61244c8ccf439f5f2ec86,
        type: 3}
      propertyPath: m_LocalRotation.y
      value: 0
      objectReference: {fileID: 0}
    - target: {fileID: 295117786457453458, guid: ec2c8b8f0fc61244c8ccf439f5f2ec86,
        type: 3}
      propertyPath: m_LocalRotation.z
      value: 0.2588191
      objectReference: {fileID: 0}
    - target: {fileID: 295117786457453458, guid: ec2c8b8f0fc61244c8ccf439f5f2ec86,
        type: 3}
      propertyPath: m_LocalRotation.w
      value: 0.9659258
      objectReference: {fileID: 0}
    - target: {fileID: 295117786457453458, guid: ec2c8b8f0fc61244c8ccf439f5f2ec86,
        type: 3}
      propertyPath: m_RootOrder
      value: 0
      objectReference: {fileID: 0}
    - target: {fileID: 295117786457453458, guid: ec2c8b8f0fc61244c8ccf439f5f2ec86,
        type: 3}
      propertyPath: m_LocalEulerAnglesHint.x
      value: 0
      objectReference: {fileID: 0}
    - target: {fileID: 295117786457453458, guid: ec2c8b8f0fc61244c8ccf439f5f2ec86,
        type: 3}
      propertyPath: m_LocalEulerAnglesHint.y
      value: 0
      objectReference: {fileID: 0}
    - target: {fileID: 295117786457453458, guid: ec2c8b8f0fc61244c8ccf439f5f2ec86,
        type: 3}
      propertyPath: m_LocalEulerAnglesHint.z
      value: 30
      objectReference: {fileID: 0}
    - target: {fileID: 295117786457453456, guid: ec2c8b8f0fc61244c8ccf439f5f2ec86,
        type: 3}
      propertyPath: swingTransform
      value: 
      objectReference: {fileID: 0}
    m_RemovedComponents: []
  m_SourcePrefab: {fileID: 100100000, guid: ec2c8b8f0fc61244c8ccf439f5f2ec86, type: 3}
--- !u!4 &4699191161630622535 stripped
Transform:
  m_CorrespondingSourceObject: {fileID: 295117786457453458, guid: ec2c8b8f0fc61244c8ccf439f5f2ec86,
    type: 3}
  m_PrefabInstance: {fileID: 4985090505140613333}
  m_PrefabAsset: {fileID: 0}
--- !u!114 &4699191161630622533 stripped
MonoBehaviour:
  m_CorrespondingSourceObject: {fileID: 295117786457453456, guid: ec2c8b8f0fc61244c8ccf439f5f2ec86,
    type: 3}
  m_PrefabInstance: {fileID: 4985090505140613333}
  m_PrefabAsset: {fileID: 0}
  m_GameObject: {fileID: 0}
  m_Enabled: 1
  m_EditorHideFlags: 0
  m_Script: {fileID: 11500000, guid: 95580498ac6864f4e941d4d46d3dc907, type: 3}
  m_Name: 
  m_EditorClassIdentifier: 
--- !u!1001 &6448911866034515669
PrefabInstance:
  m_ObjectHideFlags: 0
  serializedVersion: 2
  m_Modification:
    m_TransformParent: {fileID: 9055684751829675308}
    m_Modifications:
    - target: {fileID: 2706945985981796605, guid: 5ec7bbd14e91ca64dbeb56e68f9763df,
        type: 3}
      propertyPath: m_Name
      value: Gun
      objectReference: {fileID: 0}
    - target: {fileID: 2706945985981796606, guid: 5ec7bbd14e91ca64dbeb56e68f9763df,
        type: 3}
      propertyPath: m_LocalPosition.x
      value: 0
      objectReference: {fileID: 0}
    - target: {fileID: 2706945985981796606, guid: 5ec7bbd14e91ca64dbeb56e68f9763df,
        type: 3}
      propertyPath: m_LocalPosition.y
      value: 0
      objectReference: {fileID: 0}
    - target: {fileID: 2706945985981796606, guid: 5ec7bbd14e91ca64dbeb56e68f9763df,
        type: 3}
      propertyPath: m_LocalPosition.z
      value: 0
      objectReference: {fileID: 0}
    - target: {fileID: 2706945985981796606, guid: 5ec7bbd14e91ca64dbeb56e68f9763df,
        type: 3}
      propertyPath: m_LocalRotation.x
      value: 0
      objectReference: {fileID: 0}
    - target: {fileID: 2706945985981796606, guid: 5ec7bbd14e91ca64dbeb56e68f9763df,
        type: 3}
      propertyPath: m_LocalRotation.y
      value: 0
      objectReference: {fileID: 0}
    - target: {fileID: 2706945985981796606, guid: 5ec7bbd14e91ca64dbeb56e68f9763df,
        type: 3}
      propertyPath: m_LocalRotation.z
      value: 0
      objectReference: {fileID: 0}
    - target: {fileID: 2706945985981796606, guid: 5ec7bbd14e91ca64dbeb56e68f9763df,
        type: 3}
      propertyPath: m_LocalRotation.w
      value: 1
      objectReference: {fileID: 0}
    - target: {fileID: 2706945985981796606, guid: 5ec7bbd14e91ca64dbeb56e68f9763df,
        type: 3}
      propertyPath: m_RootOrder
      value: 0
      objectReference: {fileID: 0}
    - target: {fileID: 2706945985981796606, guid: 5ec7bbd14e91ca64dbeb56e68f9763df,
        type: 3}
      propertyPath: m_LocalEulerAnglesHint.x
      value: 0
      objectReference: {fileID: 0}
    - target: {fileID: 2706945985981796606, guid: 5ec7bbd14e91ca64dbeb56e68f9763df,
        type: 3}
      propertyPath: m_LocalEulerAnglesHint.y
      value: 0
      objectReference: {fileID: 0}
    - target: {fileID: 2706945985981796606, guid: 5ec7bbd14e91ca64dbeb56e68f9763df,
        type: 3}
      propertyPath: m_LocalEulerAnglesHint.z
      value: 0
      objectReference: {fileID: 0}
    - target: {fileID: 2706945985981796600, guid: 5ec7bbd14e91ca64dbeb56e68f9763df,
        type: 3}
      propertyPath: owner
      value: 
      objectReference: {fileID: 9055684751190894000}
    m_RemovedComponents: []
  m_SourcePrefab: {fileID: 100100000, guid: 5ec7bbd14e91ca64dbeb56e68f9763df, type: 3}
--- !u!4 &9002170246971571755 stripped
Transform:
  m_CorrespondingSourceObject: {fileID: 2706945985981796606, guid: 5ec7bbd14e91ca64dbeb56e68f9763df,
    type: 3}
  m_PrefabInstance: {fileID: 6448911866034515669}
  m_PrefabAsset: {fileID: 0}
--- !u!114 &9002170246971571757 stripped
MonoBehaviour:
  m_CorrespondingSourceObject: {fileID: 2706945985981796600, guid: 5ec7bbd14e91ca64dbeb56e68f9763df,
    type: 3}
  m_PrefabInstance: {fileID: 6448911866034515669}
  m_PrefabAsset: {fileID: 0}
  m_GameObject: {fileID: 0}
  m_Enabled: 1
  m_EditorHideFlags: 0
  m_Script: {fileID: 11500000, guid: d676dc9eb2c27ee43a10eaec98299390, type: 3}
  m_Name: 
  m_EditorClassIdentifier: 
